@BOOK{Gusfield, 
title={Algorithms on Strings, Trees and Sequences: Computer Science and Computational Biology},
author={Dan Gusfield},
publisher={Cambridge University Press},
year={1997},
month={5},
edition={1},
isbn={9780521585194},
url={http://amazon.com/o/ASIN/0521585198/},
price={$99.00},
totalpages={556},
timestamp={2014.09.26},
}
